<record><leader>00000cas a2200000 a 4500</leader><controlfield tag="001">39907336</controlfield><controlfield tag="008">980922u191uuuuuiludr n       0    0yid c</controlfield><datafield ind1=" " ind2=" " tag="010"><subfield code="a">sn 98066945 </subfield></datafield><datafield ind1=" " ind2=" " tag="040"><subfield code="a">MHN</subfield><subfield code="b">eng</subfield><subfield code="c">MHN</subfield><subfield code="d">OCL</subfield><subfield code="d">OCLCQ</subfield><subfield code="d">OCLCF</subfield><subfield code="d">OCLCO</subfield></datafield><datafield ind1=" " ind2=" " tag="066"><subfield code="c">(2</subfield></datafield><datafield ind1="1" ind2=" " tag="029"><subfield code="a">AU@</subfield><subfield code="b">000014201000</subfield></datafield><datafield ind1=" " ind2=" " tag="042"><subfield code="a">pcc</subfield></datafield><datafield ind1=" " ind2=" " tag="043"><subfield code="a">n-us-mi</subfield></datafield><datafield ind1="0" ind2=" " tag="130"><subfield code="a">Forv&#803;ert&#803;s (Chicago, Ill. : Detroit ed.)</subfield></datafield><datafield ind1="0" ind2="0" tag="245"><subfield code="6">880-01</subfield><subfield code="a">Forv&#803;ert&#803;s =</subfield><subfield code="b">Jewish daily forward.</subfield></datafield><datafield ind1="1" ind2="3" tag="246"><subfield code="a">Detroit forward</subfield></datafield><datafield ind1="3" ind2="1" tag="246"><subfield code="a">Jewish daily forward</subfield></datafield><datafield ind1="3" ind2=" " tag="246"><subfield code="a">Forward</subfield></datafield><datafield ind1=" " ind2=" " tag="260"><subfield code="a">Chicago, Ill. :</subfield><subfield code="b">Forward Association</subfield></datafield><datafield ind1=" " ind2=" " tag="300"><subfield code="a">v.</subfield></datafield><datafield ind1=" " ind2=" " tag="310"><subfield code="a">Daily</subfield></datafield><datafield ind1=" " ind2=" " tag="546"><subfield code="a">In Yiddish.</subfield></datafield><datafield ind1=" " ind2=" " tag="580"><subfield code="a">Other regional editions available.</subfield></datafield><datafield ind1=" " ind2=" " tag="588"><subfield code="a">Description based on: Vol. 3, no. 406 (Jan. 2, 1921).</subfield></datafield><datafield ind1=" " ind2="0" tag="650"><subfield code="a">Jewish newspapers</subfield><subfield code="z">Illinois.</subfield></datafield><datafield ind1=" " ind2="0" tag="650"><subfield code="a">Jewish newspapers</subfield><subfield code="z">Michigan.</subfield></datafield><datafield ind1=" " ind2="0" tag="651"><subfield code="a">Detroit (Mich.)</subfield><subfield code="v">Newspapers.</subfield></datafield><datafield ind1=" " ind2="0" tag="651"><subfield code="a">Wayne County (Mich.)</subfield><subfield code="v">Newspapers.</subfield></datafield><datafield ind1=" " ind2="7" tag="655"><subfield code="a">Newspapers.</subfield><subfield code="2">fast</subfield><subfield code="0">(OCoLC)fst01423814</subfield></datafield><datafield ind1=" " ind2="7" tag="650"><subfield code="a">Jewish newspapers.</subfield><subfield code="2">fast</subfield><subfield code="0">(OCoLC)fst00982872</subfield></datafield><datafield ind1=" " ind2="7" tag="651"><subfield code="a">Illinois.</subfield><subfield code="2">fast</subfield><subfield code="0">(OCoLC)fst01205143</subfield></datafield><datafield ind1=" " ind2="7" tag="651"><subfield code="a">Michigan.</subfield><subfield code="2">fast</subfield><subfield code="0">(OCoLC)fst01208387</subfield></datafield><datafield ind1=" " ind2="7" tag="651"><subfield code="a">Michigan</subfield><subfield code="z">Detroit.</subfield><subfield code="2">fast</subfield><subfield code="0">(OCoLC)fst01205010</subfield></datafield><datafield ind1=" " ind2="7" tag="651"><subfield code="a">Michigan</subfield><subfield code="z">Wayne County.</subfield><subfield code="2">fast</subfield><subfield code="0">(OCoLC)fst01206628</subfield></datafield><datafield ind1=" " ind2=" " tag="752"><subfield code="a">United States</subfield><subfield code="b">Illinois</subfield><subfield code="c">Cook</subfield><subfield code="d">Chicago.</subfield></datafield><datafield ind1=" " ind2=" " tag="752"><subfield code="a">United States</subfield><subfield code="b">Michigan</subfield><subfield code="c">Wayne</subfield><subfield code="d">Detroit.</subfield></datafield><datafield ind1="1" ind2=" " tag="775"><subfield code="t">Forv&#803;ert&#803;s (Philadelphia, Pa.)</subfield><subfield code="w">(DLC)sn 90064106</subfield><subfield code="w">(OCoLC)16734864</subfield></datafield><datafield ind1="1" ind2=" " tag="775"><subfield code="t">Forv&#803;ert&#803;s (Chicago, Ill.)</subfield><subfield code="w">(DLC)sn 82015424</subfield><subfield code="w">(OCoLC)8807936</subfield></datafield><datafield ind1="1" ind2=" " tag="775"><subfield code="t">Forv&#803;ert&#803;s (New York, N.Y. : Boston ed.)</subfield><subfield code="w">(DLC)sn 91058154</subfield><subfield code="w">(OCoLC)25125538</subfield></datafield><datafield ind1="1" ind2=" " tag="775"><subfield code="t">Forv&#803;ert&#803;s (New York, N.Y.)</subfield><subfield code="w">(DLC)sn 83045845</subfield><subfield code="w">(OCoLC)9836450</subfield></datafield><datafield ind1="0" ind2="0" tag="880"><subfield code="6">245-01/(2/r</subfield><subfield code="a">&#1508;&#1488;&#1512;&#1520;&#1506;&#1512;&#1496;&#1505; =</subfield><subfield code="b">Jewish daily forward.</subfield></datafield></record>